



@article{xu5,
author={王志强，孙小军},
title={网络最大流的新算法[ J]},
journal={计算机工程与
设计},
year={2009},
volume={30},
number={10},
pages={2357-2359},
month={6},
}
%. 网络最大流的新算法[ J]. 计算机工程与
%设计,2009,30(10):2357-2359.
